<?xml version="1.0" encoding="UTF-8"?><collection xmlns="http://www.loc.gov/MARC21/slim"><record><leader>00557nam--2200181-i-4500</leader><controlfield tag="001">000007247</controlfield><controlfield tag="002">20161230</controlfield><controlfield tag="005">20161230201027</controlfield><controlfield tag="008">060222s1000------------r-----000-0-ger-d</controlfield><datafield ind1=" " ind2=" " tag="040"><subfield code="a">IFIN-HH</subfield></datafield><datafield ind1=" " ind2=" " tag="041"><subfield code="a">ger</subfield></datafield><datafield ind1="1" ind2=" " tag="100"><subfield code="a">Danckwortt, P.W</subfield></datafield><datafield ind1="1" ind2="0" tag="245"><subfield code="a">Lumineszenz-analyse im filtrierten ultra violetten licht</subfield><subfield code="b">Ein hilfsbuch beim arbeiten mit den analysenlampen</subfield></datafield><datafield ind1=" " ind2=" " tag="260"><subfield code="a">Leipzig</subfield><subfield code="b">Akademische Verlagsgesellschaft Geest &amp; Portig K.-g</subfield><subfield code="c">1964</subfield></datafield><datafield ind1=" " ind2=" " tag="300"><subfield code="a">VIII+328P</subfield></datafield><datafield ind1="1" ind2=" " tag="700"><subfield code="a">Eisenbrand, J</subfield></datafield><datafield ind1=" " ind2=" " tag="852"><subfield code="a">21844</subfield><subfield code="c">535.37</subfield></datafield><datafield ind1=" " ind2=" " tag="CAT"><subfield code="a">Sys</subfield><subfield code="c">20110413</subfield><subfield code="h">145919</subfield></datafield></record></collection>